% This file was created with Citavi 5.2.0.8

@incollection{DLLG10,
 author = {Demchenko, Yuri and de Laat, Cees and Lopez, Diego R. and Garcia-Espin, Joan A.},
 title = {{Security Services Lifecycle Management in On-Demand Infrastructure Services Provisioning}},
 keywords = {cloud computing;Composable Services;Computational modeling;Context;data protection;dynamic distributed security services;e-Science infrastructure provisioning;grid computing;high technology industry;natural sciences computing;Next generation networking;on-demand infrastructure services provisioning;provisioned resources restoration;reservation session binding;Security;Security Context;security of data;security services lifecycle management;Security Services Lifecycle Management Model (SSLM);service delivery framework;service oriented architecture;TeleManagement Forum},
 publisher = {IEEE},
 isbn = {9780769543024},
 editor = {Qiu, Judy},
 booktitle = {{Proceedings of the IEEE Second International Conference on Cloud Computing Technology and Science (CloudCom 2010)}},
 year = {2010},
 address = {Piscataway, NJ},
 doi = {10.1109/CloudCom.2010.91}
}


@article{HMPR04,
 author = {Hevner, Alan R. and March, Salvatore T. and Park, Jinsoo and Ram, Sudha},
 year = {2004},
 title = {{Design science in information systems research}},
 keywords = {business environment;creativity;design artifact;design science;experimental methods;information systems research methodologies;search strategies;technology infrastructure},
 pages = {75--105},
 volume = {28},
 number = {1},
 journal = {{MIS quarterly}}
}


@incollection{NMDL12,
 author = {Ngo, Canh and Membrey, Peter and Demchenko, Yuri and de Laat, Cees},
 title = {{Policy and Context Management in Dynamically Provisioned Access Control Service for Virtualized Cloud Infrastructures}},
 keywords = {Authentication;authorisation;Authorization;authorization ticket;cloud computing;cloud IaaS architecture model;cloud services;complex infrastructure services provisioning system;computation resources;Computational modeling;Context;context management;Dynamic Access Control Infrastructure;dynamic trust establishment;dynamically provisioned access control service;flexible authorization policy configuration;flexible authorization policy management;ICT technologies;infrastructure services;network resources;Policy Generation;policy management;RBAC;Security Context Management;security context synchronization;security model;security session management mechanism;software architecture;software management;storage resources;trust model;virtualisation;virtualized cloud infrastructures;XACML;XACML-based RBAC model;XML},
 publisher = {IEEE},
 isbn = {978-1-4673-2244-7},
 booktitle = {{Proceedings of the Seventh International Conference on Availability, Reliability and Security (ARES2012)}},
 year = {2012},
 address = {Piscataway, NJ},
 doi = {10.1109/ARES.2012.81}
}


@incollection{S13d,
 author = {Slawik, M.},
 title = {{The Trusted Cloud Transfer Protocol}},
 keywords = {cloud computing;Encryption;entity-body encryption;HALEC;HTTP application layer encryption channels;Libraries;Payloads;Protocols;security of data;Servers;TCTP;TLS libraries;TLS protocol;transport layer security;transport protocols;trusted cloud transfer protocol;trusted computing},
 volume = {2},
 isbn = {9781479915484},
 editor = {IEEE},
 booktitle = {{5th International Conference on Cloud Computing Technology and Science (CloudCom)}},
 year = {2014},
 doi = {10.1109/CloudCom.2013.126}
}


@incollection{SERKZ14,
 author = {Slawik, Mathias and Ermakova, Tatiana and Repschl{\"a}ger, Jonas and K{\"u}pper, Axel and Zarnekow, Ruediger},
 title = {{Securing Medical SaaS Solutions Using a Novel End-to-end Encryption Protocol}},
 isbn = {9780991556700},
 editor = {Avital, Michel and Leimeister, Jan Marco and Schultze, Ulrike},
 booktitle = {{ECIS 2014 proceedings}},
 year = {2014},
 address = {AIS Electronic Library}
}


@incollection{SZDABLLB15,
 author = {Slawik, Mathias and Zilci, Beg{\"u}m Ilke and Demchenko, Yuri and {Aznar Baranda}, Jos{\'e} Ignacio and Branchat, Robert and Loomis, Charles and Lodygensky, Oleg and Blanchet, Christophe},
 title = {{CYCLONE: Unified Deployment and Management of Federated, Multi-Cloud Applications}},
 pages = {453--457},
 booktitle = {{Proceedings of the 5th workshop on Network Infrastructure Services}},
 year = {2015}
}


