@inproceedings{YuriBootstrapping12,
  author    = {Peter Membrey and
               Keith C. C. Chan and
               Canh Ngo and
               Yuri Demchenko and
               Cees de Laat},
  title     = {Trusted Virtual Infrastructure Bootstrapping for On Demand Services},
  booktitle = {Seventh International Conference on Availability, Reliability and
               Security, Prague, {ARES} 2012, Czech Republic, August 20-24, 2012},
  pages     = {350--357},
  year      = {2012}
}


